<?xml version="1.0" encoding="UTF-8"?><collection xmlns="http://www.loc.gov/MARC21/slim"><record><leader>00724nam--2200181-i-4500</leader><controlfield tag="001">000034342</controlfield><controlfield tag="002">20161230</controlfield><controlfield tag="005">20161230201040</controlfield><controlfield tag="008">060222s1000------------r-----000-0-eng-d</controlfield><datafield ind1=" " ind2=" " tag="020"><subfield code="a">0444868003</subfield></datafield><datafield ind1=" " ind2=" " tag="040"><subfield code="a">IFIN-HH</subfield></datafield><datafield ind1=" " ind2=" " tag="080"><subfield code="a">534.83:530.14:621.391.822(061.3)</subfield></datafield><datafield ind1="1" ind2=" " tag="100"><subfield code="a">Savelli, Michel /S.A.</subfield></datafield><datafield ind1="1" ind2="0" tag="245"><subfield code="a">NOISE IN PHYSICAL SYSTEMS AND 1/f NOISE</subfield><subfield code="b">Proccedings of the 7th International Conference on "Noise in Physical Systems" and the 3rd International Conference on "1/f Noise", Montpellier, May 17-20, 1983</subfield><subfield code="c">Michel Savelli, Gilles Lecoy, Jean-Pierre Nougier (Eds.)</subfield></datafield><datafield ind1=" " ind2=" " tag="260"><subfield code="a">Amsterdam, North-holland, 1983, Xii + 432p</subfield></datafield><datafield ind1="1" ind2=" " tag="700"><subfield code="a">Nougier, Jean-pierre</subfield></datafield><datafield ind1=" " ind2=" " tag="852"><subfield code="a">72655</subfield><subfield code="c">534</subfield></datafield><datafield ind1=" " ind2=" " tag="CAT"><subfield code="a">Sys</subfield><subfield code="c">20101012</subfield><subfield code="h">142523</subfield></datafield></record></collection>